%YAML 1.1
%TAG !u! tag:unity3d.com,2011:
--- !u!29 &1
OcclusionCullingSettings:
  m_ObjectHideFlags: 0
  serializedVersion: 2
  m_OcclusionBakeSettings:
    smallestOccluder: 5
    smallestHole: 0.25
    backfaceThreshold: 100
  m_SceneGUID: 00000000000000000000000000000000
  m_OcclusionCullingData: {fileID: 0}
--- !u!104 &2
RenderSettings:
  m_ObjectHideFlags: 0
  serializedVersion: 8
  m_Fog: 0
  m_FogColor: {r: 0.5, g: 0.5, b: 0.5, a: 1}
  m_FogMode: 3
  m_FogDensity: 0.01
  m_LinearFogStart: 0
  m_LinearFogEnd: 300
  m_AmbientSkyColor: {r: 0.212, g: 0.227, b: 0.259, a: 1}
  m_AmbientEquatorColor: {r: 0.114, g: 0.125, b: 0.133, a: 1}
  m_AmbientGroundColor: {r: 0.047, g: 0.043, b: 0.035, a: 1}
  m_AmbientIntensity: 1
  m_AmbientMode: 0
  m_SubtractiveShadowColor: {r: 0.42, g: 0.478, b: 0.627, a: 1}
  m_SkyboxMaterial: {fileID: 10304, guid: 0000000000000000f000000000000000, type: 0}
  m_HaloStrength: 0.5
  m_FlareStrength: 1
  m_FlareFadeSpeed: 3
  m_HaloTexture: {fileID: 0}
  m_SpotCookie: {fileID: 10001, guid: 0000000000000000e000000000000000, type: 0}
  m_DefaultReflectionMode: 0
  m_DefaultReflectionResolution: 128
  m_ReflectionBounces: 1
  m_ReflectionIntensity: 1
  m_CustomReflection: {fileID: 0}
  m_Sun: {fileID: 0}
  m_IndirectSpecularColor: {r: 0.37311992, g: 0.38074034, b: 0.35872713, a: 1}
--- !u!157 &3
LightmapSettings:
  m_ObjectHideFlags: 0
  serializedVersion: 11
  m_GIWorkflowMode: 0
  m_GISettings:
    serializedVersion: 2
    m_BounceScale: 1
    m_IndirectOutputScale: 1
    m_AlbedoBoost: 1
    m_TemporalCoherenceThreshold: 1
    m_EnvironmentLightingMode: 0
    m_EnableBakedLightmaps: 1
    m_EnableRealtimeLightmaps: 1
  m_LightmapEditorSettings:
    serializedVersion: 9
    m_Resolution: 2
    m_BakeResolution: 40
    m_TextureWidth: 1024
    m_TextureHeight: 1024
    m_AO: 0
    m_AOMaxDistance: 1
    m_CompAOExponent: 1
    m_CompAOExponentDirect: 0
    m_Padding: 2
    m_LightmapParameters: {fileID: 0}
    m_LightmapsBakeMode: 1
    m_TextureCompression: 1
    m_FinalGather: 0
    m_FinalGatherFiltering: 1
    m_FinalGatherRayCount: 256
    m_ReflectionCompression: 2
    m_MixedBakeMode: 2
    m_BakeBackend: 0
    m_PVRSampling: 1
    m_PVRDirectSampleCount: 32
    m_PVRSampleCount: 500
    m_PVRBounces: 2
    m_PVRFilterTypeDirect: 0
    m_PVRFilterTypeIndirect: 0
    m_PVRFilterTypeAO: 0
    m_PVRFilteringMode: 1
    m_PVRCulling: 1
    m_PVRFilteringGaussRadiusDirect: 1
    m_PVRFilteringGaussRadiusIndirect: 5
    m_PVRFilteringGaussRadiusAO: 2
    m_PVRFilteringAtrousPositionSigmaDirect: 0.5
    m_PVRFilteringAtrousPositionSigmaIndirect: 2
    m_PVRFilteringAtrousPositionSigmaAO: 1
  m_LightingDataAsset: {fileID: 0}
  m_UseShadowmask: 1
--- !u!196 &4
NavMeshSettings:
  serializedVersion: 2
  m_ObjectHideFlags: 0
  m_BuildSettings:
    serializedVersion: 2
    agentTypeID: 0
    agentRadius: 0.5
    agentHeight: 2
    agentSlope: 45
    agentClimb: 0.4
    ledgeDropHeight: 0
    maxJumpAcrossDistance: 0
    minRegionArea: 2
    manualCellSize: 0
    cellSize: 0.16666667
    manualTileSize: 0
    tileSize: 256
    accuratePlacement: 0
    debug:
      m_Flags: 0
  m_NavMeshData: {fileID: 0}
--- !u!1001 &67936535
Prefab:
  m_ObjectHideFlags: 0
  serializedVersion: 2
  m_Modification:
    m_TransformParent: {fileID: 898622406}
    m_Modifications:
    - target: {fileID: 4824127087174718, guid: de5d7f75c421e7b4b9827be52957573b, type: 2}
      propertyPath: m_LocalPosition.x
      value: 0
      objectReference: {fileID: 0}
    - target: {fileID: 4824127087174718, guid: de5d7f75c421e7b4b9827be52957573b, type: 2}
      propertyPath: m_LocalPosition.y
      value: 0
      objectReference: {fileID: 0}
    - target: {fileID: 4824127087174718, guid: de5d7f75c421e7b4b9827be52957573b, type: 2}
      propertyPath: m_LocalPosition.z
      value: 606
      objectReference: {fileID: 0}
    - target: {fileID: 4824127087174718, guid: de5d7f75c421e7b4b9827be52957573b, type: 2}
      propertyPath: m_LocalRotation.x
      value: 0.38268322
      objectReference: {fileID: 0}
    - target: {fileID: 4824127087174718, guid: de5d7f75c421e7b4b9827be52957573b, type: 2}
      propertyPath: m_LocalRotation.y
      value: -0
      objectReference: {fileID: 0}
    - target: {fileID: 4824127087174718, guid: de5d7f75c421e7b4b9827be52957573b, type: 2}
      propertyPath: m_LocalRotation.z
      value: -0
      objectReference: {fileID: 0}
    - target: {fileID: 4824127087174718, guid: de5d7f75c421e7b4b9827be52957573b, type: 2}
      propertyPath: m_LocalRotation.w
      value: 0.9238797
      objectReference: {fileID: 0}
    - target: {fileID: 4824127087174718, guid: de5d7f75c421e7b4b9827be52957573b, type: 2}
      propertyPath: m_RootOrder
      value: 3
      objectReference: {fileID: 0}
    - target: {fileID: 65287625260279730, guid: de5d7f75c421e7b4b9827be52957573b,
        type: 2}
      propertyPath: m_Size.z
      value: 0.1
      objectReference: {fileID: 0}
    - target: {fileID: 1581070148174538, guid: de5d7f75c421e7b4b9827be52957573b, type: 2}
      propertyPath: m_Name
      value: Ring (3)
      objectReference: {fileID: 0}
    - target: {fileID: 4824127087174718, guid: de5d7f75c421e7b4b9827be52957573b, type: 2}
      propertyPath: m_LocalEulerAnglesHint.x
      value: 45.000004
      objectReference: {fileID: 0}
    m_RemovedComponents: []
  m_ParentPrefab: {fileID: 100100000, guid: de5d7f75c421e7b4b9827be52957573b, type: 2}
  m_IsPrefabParent: 0
--- !u!4 &67936536 stripped
Transform:
  m_PrefabParentObject: {fileID: 4824127087174718, guid: de5d7f75c421e7b4b9827be52957573b,
    type: 2}
  m_PrefabInternal: {fileID: 67936535}
--- !u!1001 &491398652
Prefab:
  m_ObjectHideFlags: 0
  serializedVersion: 2
  m_Modification:
    m_TransformParent: {fileID: 898622406}
    m_Modifications:
    - target: {fileID: 4824127087174718, guid: de5d7f75c421e7b4b9827be52957573b, type: 2}
      propertyPath: m_LocalPosition.x
      value: 0
      objectReference: {fileID: 0}
    - target: {fileID: 4824127087174718, guid: de5d7f75c421e7b4b9827be52957573b, type: 2}
      propertyPath: m_LocalPosition.y
      value: 0
      objectReference: {fileID: 0}
    - target: {fileID: 4824127087174718, guid: de5d7f75c421e7b4b9827be52957573b, type: 2}
      propertyPath: m_LocalPosition.z
      value: 1008
      objectReference: {fileID: 0}
    - target: {fileID: 4824127087174718, guid: de5d7f75c421e7b4b9827be52957573b, type: 2}
      propertyPath: m_LocalRotation.x
      value: -0.2588186
      objectReference: {fileID: 0}
    - target: {fileID: 4824127087174718, guid: de5d7f75c421e7b4b9827be52957573b, type: 2}
      propertyPath: m_LocalRotation.y
      value: -0
      objectReference: {fileID: 0}
    - target: {fileID: 4824127087174718, guid: de5d7f75c421e7b4b9827be52957573b, type: 2}
      propertyPath: m_LocalRotation.z
      value: -0
      objectReference: {fileID: 0}
    - target: {fileID: 4824127087174718, guid: de5d7f75c421e7b4b9827be52957573b, type: 2}
      propertyPath: m_LocalRotation.w
      value: 0.965926
      objectReference: {fileID: 0}
    - target: {fileID: 4824127087174718, guid: de5d7f75c421e7b4b9827be52957573b, type: 2}
      propertyPath: m_RootOrder
      value: 5
      objectReference: {fileID: 0}
    - target: {fileID: 65287625260279730, guid: de5d7f75c421e7b4b9827be52957573b,
        type: 2}
      propertyPath: m_Size.z
      value: 0.1
      objectReference: {fileID: 0}
    - target: {fileID: 1581070148174538, guid: de5d7f75c421e7b4b9827be52957573b, type: 2}
      propertyPath: m_Name
      value: Ring (5)
      objectReference: {fileID: 0}
    - target: {fileID: 4824127087174718, guid: de5d7f75c421e7b4b9827be52957573b, type: 2}
      propertyPath: m_LocalEulerAnglesHint.x
      value: -30.000002
      objectReference: {fileID: 0}
    m_RemovedComponents: []
  m_ParentPrefab: {fileID: 100100000, guid: de5d7f75c421e7b4b9827be52957573b, type: 2}
  m_IsPrefabParent: 0
--- !u!4 &491398653 stripped
Transform:
  m_PrefabParentObject: {fileID: 4824127087174718, guid: de5d7f75c421e7b4b9827be52957573b,
    type: 2}
  m_PrefabInternal: {fileID: 491398652}
--- !u!1 &898622404
GameObject:
  m_ObjectHideFlags: 0
  m_PrefabParentObject: {fileID: 0}
  m_PrefabInternal: {fileID: 0}
  serializedVersion: 5
  m_Component:
  - component: {fileID: 898622406}
  - component: {fileID: 898622405}
  m_Layer: 0
  m_Name: Level2
  m_TagString: Untagged
  m_Icon: {fileID: 0}
  m_NavMeshLayer: 0
  m_StaticEditorFlags: 0
  m_IsActive: 1
--- !u!114 &898622405
MonoBehaviour:
  m_ObjectHideFlags: 0
  m_PrefabParentObject: {fileID: 0}
  m_PrefabInternal: {fileID: 0}
  m_GameObject: {fileID: 898622404}
  m_Enabled: 1
  m_EditorHideFlags: 0
  m_Script: {fileID: 11500000, guid: 406e441dbd3579e49927c24c327ebfe1, type: 3}
  m_Name: 
  m_EditorClassIdentifier: 
  activeRing: {fileID: 2100000, guid: d6e952929273b804c847884f3801e4fc, type: 2}
  inactiveRing: {fileID: 2100000, guid: 7d176569b1f320740a01f3ca67b7e825, type: 2}
  finalRing: {fileID: 2100000, guid: 74171017482fc054f9d1c882dde69a81, type: 2}
--- !u!4 &898622406
Transform:
  m_ObjectHideFlags: 0
  m_PrefabParentObject: {fileID: 0}
  m_PrefabInternal: {fileID: 0}
  m_GameObject: {fileID: 898622404}
  m_LocalRotation: {x: 0, y: 0, z: 0, w: 1}
  m_LocalPosition: {x: 0, y: 0, z: 0}
  m_LocalScale: {x: 1, y: 1, z: 1}
  m_Children:
  - {fileID: 1416295496}
  - {fileID: 1953106040}
  - {fileID: 943959879}
  - {fileID: 67936536}
  - {fileID: 1030990448}
  - {fileID: 491398653}
  m_Father: {fileID: 0}
  m_RootOrder: 0
  m_LocalEulerAnglesHint: {x: 0, y: 0, z: 0}
--- !u!1001 &943959878
Prefab:
  m_ObjectHideFlags: 0
  serializedVersion: 2
  m_Modification:
    m_TransformParent: {fileID: 898622406}
    m_Modifications:
    - target: {fileID: 4824127087174718, guid: de5d7f75c421e7b4b9827be52957573b, type: 2}
      propertyPath: m_LocalPosition.x
      value: 0
      objectReference: {fileID: 0}
    - target: {fileID: 4824127087174718, guid: de5d7f75c421e7b4b9827be52957573b, type: 2}
      propertyPath: m_LocalPosition.y
      value: 111
      objectReference: {fileID: 0}
    - target: {fileID: 4824127087174718, guid: de5d7f75c421e7b4b9827be52957573b, type: 2}
      propertyPath: m_LocalPosition.z
      value: 416
      objectReference: {fileID: 0}
    - target: {fileID: 4824127087174718, guid: de5d7f75c421e7b4b9827be52957573b, type: 2}
      propertyPath: m_LocalRotation.x
      value: -0.38268322
      objectReference: {fileID: 0}
    - target: {fileID: 4824127087174718, guid: de5d7f75c421e7b4b9827be52957573b, type: 2}
      propertyPath: m_LocalRotation.y
      value: -0
      objectReference: {fileID: 0}
    - target: {fileID: 4824127087174718, guid: de5d7f75c421e7b4b9827be52957573b, type: 2}
      propertyPath: m_LocalRotation.z
      value: -0
      objectReference: {fileID: 0}
    - target: {fileID: 4824127087174718, guid: de5d7f75c421e7b4b9827be52957573b, type: 2}
      propertyPath: m_LocalRotation.w
      value: 0.9238797
      objectReference: {fileID: 0}
    - target: {fileID: 4824127087174718, guid: de5d7f75c421e7b4b9827be52957573b, type: 2}
      propertyPath: m_RootOrder
      value: 2
      objectReference: {fileID: 0}
    - target: {fileID: 65287625260279730, guid: de5d7f75c421e7b4b9827be52957573b,
        type: 2}
      propertyPath: m_Size.z
      value: 0.1
      objectReference: {fileID: 0}
    - target: {fileID: 1581070148174538, guid: de5d7f75c421e7b4b9827be52957573b, type: 2}
      propertyPath: m_Name
      value: Ring (2)
      objectReference: {fileID: 0}
    - target: {fileID: 4824127087174718, guid: de5d7f75c421e7b4b9827be52957573b, type: 2}
      propertyPath: m_LocalEulerAnglesHint.x
      value: -45.000004
      objectReference: {fileID: 0}
    m_RemovedComponents: []
  m_ParentPrefab: {fileID: 100100000, guid: de5d7f75c421e7b4b9827be52957573b, type: 2}
  m_IsPrefabParent: 0
--- !u!4 &943959879 stripped
Transform:
  m_PrefabParentObject: {fileID: 4824127087174718, guid: de5d7f75c421e7b4b9827be52957573b,
    type: 2}
  m_PrefabInternal: {fileID: 943959878}
--- !u!1001 &1030990447
Prefab:
  m_ObjectHideFlags: 0
  serializedVersion: 2
  m_Modification:
    m_TransformParent: {fileID: 898622406}
    m_Modifications:
    - target: {fileID: 4824127087174718, guid: de5d7f75c421e7b4b9827be52957573b, type: 2}
      propertyPath: m_LocalPosition.x
      value: 0
      objectReference: {fileID: 0}
    - target: {fileID: 4824127087174718, guid: de5d7f75c421e7b4b9827be52957573b, type: 2}
      propertyPath: m_LocalPosition.y
      value: -115
      objectReference: {fileID: 0}
    - target: {fileID: 4824127087174718, guid: de5d7f75c421e7b4b9827be52957573b, type: 2}
      propertyPath: m_LocalPosition.z
      value: 780
      objectReference: {fileID: 0}
    - target: {fileID: 4824127087174718, guid: de5d7f75c421e7b4b9827be52957573b, type: 2}
      propertyPath: m_LocalRotation.x
      value: -0
      objectReference: {fileID: 0}
    - target: {fileID: 4824127087174718, guid: de5d7f75c421e7b4b9827be52957573b, type: 2}
      propertyPath: m_LocalRotation.y
      value: -0
      objectReference: {fileID: 0}
    - target: {fileID: 4824127087174718, guid: de5d7f75c421e7b4b9827be52957573b, type: 2}
      propertyPath: m_LocalRotation.z
      value: -0
      objectReference: {fileID: 0}
    - target: {fileID: 4824127087174718, guid: de5d7f75c421e7b4b9827be52957573b, type: 2}
      propertyPath: m_LocalRotation.w
      value: 1
      objectReference: {fileID: 0}
    - target: {fileID: 4824127087174718, guid: de5d7f75c421e7b4b9827be52957573b, type: 2}
      propertyPath: m_RootOrder
      value: 4
      objectReference: {fileID: 0}
    - target: {fileID: 65287625260279730, guid: de5d7f75c421e7b4b9827be52957573b,
        type: 2}
      propertyPath: m_Size.z
      value: 0.1
      objectReference: {fileID: 0}
    - target: {fileID: 1581070148174538, guid: de5d7f75c421e7b4b9827be52957573b, type: 2}
      propertyPath: m_Name
      value: Ring (4)
      objectReference: {fileID: 0}
    m_RemovedComponents: []
  m_ParentPrefab: {fileID: 100100000, guid: de5d7f75c421e7b4b9827be52957573b, type: 2}
  m_IsPrefabParent: 0
--- !u!4 &1030990448 stripped
Transform:
  m_PrefabParentObject: {fileID: 4824127087174718, guid: de5d7f75c421e7b4b9827be52957573b,
    type: 2}
  m_PrefabInternal: {fileID: 1030990447}
--- !u!1001 &1416295495
Prefab:
  m_ObjectHideFlags: 0
  serializedVersion: 2
  m_Modification:
    m_TransformParent: {fileID: 898622406}
    m_Modifications:
    - target: {fileID: 4824127087174718, guid: de5d7f75c421e7b4b9827be52957573b, type: 2}
      propertyPath: m_LocalPosition.x
      value: 0
      objectReference: {fileID: 0}
    - target: {fileID: 4824127087174718, guid: de5d7f75c421e7b4b9827be52957573b, type: 2}
      propertyPath: m_LocalPosition.y
      value: 0
      objectReference: {fileID: 0}
    - target: {fileID: 4824127087174718, guid: de5d7f75c421e7b4b9827be52957573b, type: 2}
      propertyPath: m_LocalPosition.z
      value: 180
      objectReference: {fileID: 0}
    - target: {fileID: 4824127087174718, guid: de5d7f75c421e7b4b9827be52957573b, type: 2}
      propertyPath: m_LocalRotation.x
      value: -0
      objectReference: {fileID: 0}
    - target: {fileID: 4824127087174718, guid: de5d7f75c421e7b4b9827be52957573b, type: 2}
      propertyPath: m_LocalRotation.y
      value: -0
      objectReference: {fileID: 0}
    - target: {fileID: 4824127087174718, guid: de5d7f75c421e7b4b9827be52957573b, type: 2}
      propertyPath: m_LocalRotation.z
      value: -0
      objectReference: {fileID: 0}
    - target: {fileID: 4824127087174718, guid: de5d7f75c421e7b4b9827be52957573b, type: 2}
      propertyPath: m_LocalRotation.w
      value: 1
      objectReference: {fileID: 0}
    - target: {fileID: 4824127087174718, guid: de5d7f75c421e7b4b9827be52957573b, type: 2}
      propertyPath: m_RootOrder
      value: 0
      objectReference: {fileID: 0}
    - target: {fileID: 65287625260279730, guid: de5d7f75c421e7b4b9827be52957573b,
        type: 2}
      propertyPath: m_Size.z
      value: 0.1
      objectReference: {fileID: 0}
    m_RemovedComponents: []
  m_ParentPrefab: {fileID: 100100000, guid: de5d7f75c421e7b4b9827be52957573b, type: 2}
  m_IsPrefabParent: 0
--- !u!4 &1416295496 stripped
Transform:
  m_PrefabParentObject: {fileID: 4824127087174718, guid: de5d7f75c421e7b4b9827be52957573b,
    type: 2}
  m_PrefabInternal: {fileID: 1416295495}
--- !u!1001 &1953106039
Prefab:
  m_ObjectHideFlags: 0
  serializedVersion: 2
  m_Modification:
    m_TransformParent: {fileID: 898622406}
    m_Modifications:
    - target: {fileID: 4824127087174718, guid: de5d7f75c421e7b4b9827be52957573b, type: 2}
      propertyPath: m_LocalPosition.x
      value: 0
      objectReference: {fileID: 0}
    - target: {fileID: 4824127087174718, guid: de5d7f75c421e7b4b9827be52957573b, type: 2}
      propertyPath: m_LocalPosition.y
      value: 71.1
      objectReference: {fileID: 0}
    - target: {fileID: 4824127087174718, guid: de5d7f75c421e7b4b9827be52957573b, type: 2}
      propertyPath: m_LocalPosition.z
      value: 297.2
      objectReference: {fileID: 0}
    - target: {fileID: 4824127087174718, guid: de5d7f75c421e7b4b9827be52957573b, type: 2}
      propertyPath: m_LocalRotation.x
      value: -0.2588186
      objectReference: {fileID: 0}
    - target: {fileID: 4824127087174718, guid: de5d7f75c421e7b4b9827be52957573b, type: 2}
      propertyPath: m_LocalRotation.y
      value: -0
      objectReference: {fileID: 0}
    - target: {fileID: 4824127087174718, guid: de5d7f75c421e7b4b9827be52957573b, type: 2}
      propertyPath: m_LocalRotation.z
      value: -0
      objectReference: {fileID: 0}
    - target: {fileID: 4824127087174718, guid: de5d7f75c421e7b4b9827be52957573b, type: 2}
      propertyPath: m_LocalRotation.w
      value: 0.965926
      objectReference: {fileID: 0}
    - target: {fileID: 4824127087174718, guid: de5d7f75c421e7b4b9827be52957573b, type: 2}
      propertyPath: m_RootOrder
      value: 1
      objectReference: {fileID: 0}
    - target: {fileID: 65287625260279730, guid: de5d7f75c421e7b4b9827be52957573b,
        type: 2}
      propertyPath: m_Size.z
      value: 0.1
      objectReference: {fileID: 0}
    - target: {fileID: 1581070148174538, guid: de5d7f75c421e7b4b9827be52957573b, type: 2}
      propertyPath: m_Name
      value: Ring (1)
      objectReference: {fileID: 0}
    - target: {fileID: 4824127087174718, guid: de5d7f75c421e7b4b9827be52957573b, type: 2}
      propertyPath: m_LocalEulerAnglesHint.x
      value: -30.000002
      objectReference: {fileID: 0}
    m_RemovedComponents: []
  m_ParentPrefab: {fileID: 100100000, guid: de5d7f75c421e7b4b9827be52957573b, type: 2}
  m_IsPrefabParent: 0
--- !u!4 &1953106040 stripped
Transform:
  m_PrefabParentObject: {fileID: 4824127087174718, guid: de5d7f75c421e7b4b9827be52957573b,
    type: 2}
  m_PrefabInternal: {fileID: 1953106039}
